<?xml version="1.0" encoding="UTF-8"?><collection xmlns="http://www.loc.gov/MARC21/slim"><record><leader>00404nam--2200133-i-4500</leader><controlfield tag="001">000008887</controlfield><controlfield tag="002">20161230</controlfield><controlfield tag="005">20161230201028</controlfield><controlfield tag="008">060222s1000------------r-----000-0-eng-d</controlfield><datafield ind1=" " ind2=" " tag="080"><subfield code="a">551.510.7</subfield></datafield><datafield ind1=" " ind2=" " tag="100"><subfield code="a">Barreira, F</subfield></datafield><datafield ind1=" " ind2=" " tag="245"><subfield code="a">Medidas da radioactividade atmosferica natural. maio de 1956 a dezembro de 1968</subfield></datafield><datafield ind1=" " ind2=" " tag="260"><subfield code="a">Lisboa, Comissao De Estudos De Energia Nucleara, 1969 2 P. + 13 Pl</subfield></datafield><datafield ind1=" " ind2=" " tag="852"><subfield code="a">31045</subfield></datafield></record></collection>